001  0000028
005  20170217182100.495
008  170211s||||     bl|||||||||||||||||por|u
020    $a9788573156546
040    $aPorto Alegre$bpor
090    $a314.622.4$bV695m
100 1  $aVilaça, Mônica
245 10 $aO mapa do reconhecimento paterno$cMônica Vilaça
260    $aRecife$bEd. Universitária da UFPE$c 2009
300    $a90 p.$bIl.
650    $aPaternidade
650    $aDiscriminação
650    $aExame de DNA
650    $aReconhecimento
650    $aAbandono
650    $aMãe Solteira
651    $aRecife
